<?xml version="1.0" encoding="UTF-8"?><collection xmlns="http://www.loc.gov/MARC21/slim"><record><leader>00579nam--2200181-i-4500</leader><controlfield tag="001">000014088</controlfield><controlfield tag="002">20161230</controlfield><controlfield tag="005">20161230201030</controlfield><controlfield tag="008">060222s1000------------r-----000-0-fre-d</controlfield><datafield ind1=" " ind2=" " tag="040"><subfield code="a">IFIN-HH</subfield></datafield><datafield ind1=" " ind2=" " tag="041"><subfield code="a">fre</subfield></datafield><datafield ind1=" " ind2=" " tag="080"><subfield code="a">535.215:621.383.53(043)</subfield></datafield><datafield ind1="1" ind2=" " tag="100"><subfield code="a">Bertrand, Francis</subfield></datafield><datafield ind1="1" ind2="0" tag="245"><subfield code="a">Contribution a l'etude d'inse lamellaire: proprietes optiques. effet photovoltaique dans les structures transverses</subfield><subfield code="b">These</subfield><subfield code="c">Francis bertrand</subfield></datafield><datafield ind1=" " ind2=" " tag="260"><subfield code="a">Paris,, 1979</subfield><subfield code="b">Universite Pierre Et Marie-curie</subfield><subfield code="c">1979</subfield></datafield><datafield ind1=" " ind2=" " tag="300"><subfield code="a">73 P</subfield></datafield><datafield ind1=" " ind2=" " tag="852"><subfield code="a">49680</subfield><subfield code="c">535</subfield></datafield><datafield ind1=" " ind2=" " tag="CAT"><subfield code="a">Sys</subfield><subfield code="c">20110125</subfield><subfield code="h">144001</subfield></datafield></record></collection>